@book{mitchell1997machine,
  author = {T. M. Mitchell},
  keywords = {book ml},
  address = {New York~},
  publisher = {McGraw-hill},
  title = {Machine learning},
  year = {1997},
  language = {english},
  numpages = {414},
}

@book{kandel,
    author        = {Э. Кандель},
    title         = {В поисках памяти: Возникновение новой науки о человеческой психике},
    publisher     = {Астрель : CORPUS},
    year          = {2012},
    address       = {М.~},
    language      = {russian},
    numpages      = {736},
}

@article{Cybenko1989ApproximationBS,
  title={Approximation by superpositions of a sigmoidal function},
  author={G. V. Cybenko},
  journal={Mathematics of Control, Signals and Systems},
  year={1989},
  volume={2},
  pages={303-314},
  language = {english}
}

@book{kohonen2001,
  address = {Berlin~},
  author = {T. Kohonen},
  howpublished = {Paperback},
  isbn = {978-3-540-67921-9},
  keywords = {kohonen som},
  publisher = {Springer},
  title = {Self-organizing maps},
  year = 2001,
  language = {english},
  numpages = {502},
}

@Book{ Kohonen1977,
author = { T. Kohonen },
title = { Associative memory: a system-theoretical approach },
isbn = { 0387080171 },
address = { Berlin ; New York~},
publisher      = {Springer-Verlag},
numpages = { 176 },
year = { 1977 },
type = { Book },
language = { english },
}

@article{Grossberg1987CompetitiveLF,
  title={Competitive Learning: From Interactive Activation to Adaptive Resonance},
  author={S. Grossberg},
  journal={Cogn. Sci.},
  year={1987},
  volume={11},
  pages={23-63},
  language = {english}
}

@article{Grossberg1976,
author = {S. Grossberg},
title = {Adaptive Pattern Classification and Universal Recoding: {II}. Feedback, Expectation, Olfaction, Illusions},
year = {1976},
publisher = {Springer-Verlag},
address = {Berlin, Heidelberg},
volume = {23},
number = {4},
issn = {0340-1200},
journal = {Biol. Cybern.},
month = {dec},
pages = {187–202},
numpages = {16},
language = {english}
}

@article{Hopfield1984,
    author = {J. Hopfield},
    title = {Neurons with graded response have collective computational properties like those of two-state neurons.},
    journal = {Proceedings of the National Academy of Sciences},
    volume = {81},
    number = {10},
    pages = {3088-3092},
    year = {1984},
    language = {english}
}

@article{Lippmann1987,
  author={R. Lippmann},
  journal={IEEE ASSP Magazine}, 
  title={An introduction to computing with neural nets}, 
  year={1987},
  volume={4},
  number={2},
  pages={4-22},
  doi={10.1109/MASSP.1987.1165576},
  language = {english}
}

@article{Kosko1988BidirectionalAM,
  title={Bidirectional associative memories},
  author={B. Kosko},
  journal={IEEE Trans. Syst. Man Cybern.},
  year={1988},
  volume={18},
  pages={49--60},
  language = {english}
}

@article{Broomhead1988,
author = {D. Broomhead and D. Lowe},
year = {1988},
month = {03},
pages = {321--355},
title = {Radial basis functions, multi-variable functional interpolation and adaptive networks},
volume = {2},
journal = {Complex Systems},
language = {english},
}

@article{Jang1997,
author = {Jang, \mbox{J.-S.} and Sun, \mbox{C.-T.} and Mizutani, E.},
year = {1997},
month = {11},
pages = {1482--1484},
title = {Neuro-Fuzzy and Soft Computing: A Computational Approach to Learning and Machine Intelligence : book review},
volume = {42},
journal = {Automatic Control, IEEE Transactions on},
doi = {10.1109/TAC.1997.633847},
language = {english}
}

@article{Corinna1995,
author = {C. Cortes and V. Vapnik},
title = {Support-Vector Networks},
year = {1995},
issue_date = {Sept. 1995},
publisher = {Kluwer Academic Publishers},
address = {USA},
volume = {20},
number = {3},
issn = {0885-6125},
journal = {Mach. Learn.},
pages = {273–297},
numpages = {25},
keywords = {polynomial classifiers, radial basis function classifiers, pattern recognition, efficient learning algorithms, neural networks},
language = {english}
}

@inproceedings{Golovko2010,
title={{N}eural {N}etwork and {A}rtificial {I}mmune {S}ystems for {M}alware and {N}etwork {I}ntrusion {D}etection},
author={V. Golovko and S. Bezobrazov and P. Kachurka and L. Vaitsekhovich},
booktitle={Advances in Machine Learning II: Dedicated to the Memory of Professor Ryszard S. Michalski},
year={2010},
publisher={Springer},
address={Berlin ; Heidelberg~},
pages={485--513},
language = {english}
}

@article{HechtNielsen1987,
author = {R. Hecht-Nielsen},
journal = {Appl. Opt.},
keywords = {Interpolation; Neural networks; Pattern recognition; Statistics; Systems design},
number = {23},
pages = {4979--4984},
publisher = {Optica Publishing Group},
title = {Counterpropagation networks},
volume = {26},
month = {Dec},
year = {1987},
language = {english}
}

@book{ivakhnenko1967cybernetics,
  title={Cybernetics and Forecasting Techniques},
  author={A. G. Ivakhnenko and V. G. Lapa},
  isbn={9780444000200},
  lccn={67027815},
  journal={Modern analytic and computational methods in science and mathematics},
  year={1967},
  address={New York~},
  publisher={American Elsevier Publishing Company},
  language = {english},
  numpages = {168},
  volume          = {},
}

@article{Elman1990FindingSI,
  title={Finding Structure in Time},
  author={J. L. Elman},
  journal={Cogn. Sci.},
  year={1990},
  volume={14},
  pages={179-211},
  language = {english}
}

@book{Jordan86,
  added-at = {2008-03-11T14:52:34.000+0100},
  author = {Jordan, M. I.},
  biburl = {https://www.bibsonomy.org/bibtex/2308cc9c314ddebe8b4f13a10ca4e21f6/idsia},
  citeulike-article-id = {2381329},
  institution = {Institute for Cognitive Science, University of California},
  address={San Diego},
  interhash = {28982a74cc4ec26d2905f564f591c928},
  intrahash = {308cc9c314ddebe8b4f13a10ca4e21f6},
  keywords = {juergen},
  journal = {ICS Report 8604},
  priority = {2},
  timestamp = {2008-03-11T14:54:31.000+0100},
  note = {Mode of access : \url{https://gwern.net/doc/ai/nn/rnn/1986-jordan.pdf}. --- Date of access : 05.03.2023},
  title = {Serial order: A parallel distributed processing approach: {T}ech. {R}ep. {ICS} {R}eport 8604 [{E}lectronic resource]},
  year = {1986},
}

@inproceedings{Hinton1987LearningRB, 
  author = {Hinton, G. E. and McClelland, J. L.}, 
  title = {Learning representations by recirculation}, 
  year = {1987}, 
  publisher = {MIT Press}, 
  address = {Cambridge}, 
  abstract = {We describe a new learning procedure for networks that contain groups of nonlinear units arranged in a closed loop. The aim of the learning is to discover codes that allow the activity vectors in a "visible" group to be represented by activity vectors in a "hidden" group. One way to test whether a code is an accurate representation is to try to reconstruct the visible vector from the hidden vector. The difference between the original and the reconstructed visible vectors is called the reconstruction error, and the learning procedure aims to minimize this error. The learning procedure has two passes. On the first pass, the original visible vector is passed around the loop, and on the second pass an average of the original vector and the reconstructed vector is passed around the loop. The learning procedure changes each weight by an amount proportional to the product of the "presynaptic" activity and the difference in the post-synaptic activity on the two passes. This procedure is much simpler to implement than methods like back-propagation. Simulations in simple networks show that it usually converges rapidly on a good set of codes, and analysis shows that in certain restricted cases it performs gradient descent in the squared reconstruction error.}, 
  booktitle = {Proceedings of the 1987 International Conference on Neural Information Processing Systems}, 
  pages = {358--366}, 
  numpages = {9}, 
}

@inproceedings{LeCun1989HandwrittenDR,
  title={Handwritten Digit Recognition with a Back-Propagation Network},
  author={Y. LeCun and B. E. Boser and J. S. Denker and D. Henderson and R. E. Howard and W. E. Hubbard and L. D. Jackel},
  booktitle={Advances in Neural Information Processing Systems},
  year={1989},
  language = {english},
  pages={396--404},
  volume = {2},
  publisher = {Morgan-Kaufmann},
}

@book{hebb1949,
  address = {New York~},
  author = {D. O. Hebb},
  keywords = {MSc checked network neural seminal},
  publisher = {Wiley},
  title = {The organization of behavior: {A} neuropsychological theory},
  year = {1949},
  language = {english},
  numpages = {378},
}

@book{Rosenblatt1962,
  author    = {Rosenblatt, F.},
  title     = {Principles of neurodynamics: perceptrons and the theory of brain mechanisms},
  publisher = {Spartan Books},
  address   = {Washington~},
  year      = {1962},
  language  = {english},
  numpages  = {616},
}

@article{Emmert2020,
AUTHOR={Emmert-Streib, F. and Yang, Z. and Feng, H. and Tripathi, S. and Dehmer, M.},   
TITLE={An Introductory Review of Deep Learning for Prediction Models With Big Data},      
JOURNAL={Frontiers in Artificial Intelligence},
VOLUME={3},           
YEAR={2020},      
DOI={10.3389/frai.2020.00004},      
ISSN={2624-8212},
language = {english},
pages = {1-23},
}

@article{mildenhall2020nerf, 
  author = {Mildenhall, B. and Srinivasan, P. P. and Tancik, M. and Barron, J. T. and Ramamoorthi, R. and Ng, R.}, 
  title = {{N}e{RF}: {R}epresenting scenes as neural radiance fields for view synthesis}, 
  year = {2021}, 
  issue_date = {January 2022}, 
  publisher = {Association for Computing Machinery}, 
  address = {New York, NY, USA}, 
  volume = {65}, 
  number = {1}, 
  issn = {0001-0782}, 
  url = {https://doi.org/10.1145/3503250}, 
  doi = {10.1145/3503250}, 
  abstract = {We present a method that achieves state-of-the-art results for synthesizing novel views of complex scenes by optimizing an underlying continuous volumetric scene function using a sparse set of input views. Our algorithm represents a scene using a fully connected (nonconvolutional) deep network, whose input is a single continuous 5D coordinate (spatial location (x, y, z) and viewing direction (θ, ϕ)) and whose output is the volume density and view-dependent emitted radiance at that spatial location. We synthesize views by querying 5D coordinates along camera rays and use classic volume rendering techniques to project the output colors and densities into an image. Because volume rendering is naturally differentiable, the only input required to optimize our representation is a set of images with known camera poses. We describe how to effectively optimize neural radiance fields to render photorealistic novel views of scenes with complicated geometry and appearance, and demonstrate results that outperform prior work on neural rendering and view synthesis.}, 
  journal = {Commun. ACM}, 
  month = {dec}, 
  pages = {99–106}, 
  numpages = {8} 
}

@article{mcculloch43a,
  author = {W. Mcculloch and W. Pitts},
  journal = {Bulletin of Mathematical Biophysics},
  pages = {127--147},
  title = {A Logical Calculus of Ideas Immanent in Nervous Activity},
  volume = {5},
  year = {1943},
  language = {english}
}

@book{minsky69perceptrons,
  address = {Cambridge, Mass.~},
  author = {M. Minsky and S. Papert},
  publisher = {MIT Press},
  title = {Perceptrons: An Introduction to Computational Geometry},
  year = {1969},
  language = {english},
  numpages = {261},
}

@article{rumelhart1986learning,
  author = {D. E. Rumelhart and G. E. Hinton and R. J. Williams},
  journal = {Nature},
  number = 6088,
  pages = {533--536},
  publisher = {Nature Publishing Group UK London},
  title = {Learning representations by back-propagating errors},
  volume = 323,
  year = 1986,
  language = {english}
}

@article{n1,
    author = {G. E. Hinton and S. Osindero and Y. Teh},
    title = {A fast learning algorithm for deep belief nets},
    journal = {Neural Computation},
    year = {2006},
    number = {18},
    pages = {1527--1554},
    language = {english}
}

@article{n2,
    author = {G. Hinton},
    title = {Training products of experts by minimizing contrastive divergence},
    journal = {Neural Computation},
    year = {2002},
    number = {14},
    pages = {1771--1800},
    language = {english}
}

@article{n3,
    author = {G. Hinton and R. Salakhutdinov},
    title = {Reducing the dimensionality of data with neural networks},
    journal = {Science},
    year = {2006},
    number = {313 (5786)},
    pages = {504--507},
    language = {english}
}

@article{n5,
    author = {Y. Bengio},
    title = {Learning deep architectures for {AI}},
    journal = {Foundations and Trends in Machine Learning},
    year = {2009},
    number = {2(1)},
    pages = {1--127},
    language = {english}
}

@inproceedings{n6,
    author = {Y. Bengio and P. Lamblin and D. Popovici and H. Larochelle},
    title = {Greedy layer-wise training of deep networks},
    booktitle = {Advances in neural information processing systems},
    year = {2007},
    pages = {153--160},
    address         = {Cambridge, Mass.~},
    publisher = {MIT Press},
    language = {english}
}

@book{golovko2017,
  author    = {В. А. Головко and В. В. Краснопрошин},
  title     = {Нейросетевые технологии обработки данных},
  publisher = {БГУ},
  address   = {Минск~},
  year      = {2017},
  language  = {russian},
  numpages  = {263}
}

@article{Hinton2009,
    author = {G. Hinton},
    title = {Greedy layer-wise algorithm},
    journal = {Journal of Machine Learning Research},
    year = {2009},
    number = {1},
    pages = {1--40},
    language = {english}
}

@inproceedings{n11,
    author    = {M. Scholz and M. Fraunholz and J. Selbig},
    title     = {Nonlinear principal component analysis: neural network models and applications},
    booktitle = {Principal Manifolds for Data Visualization and Dimension Reduction},
    year      = {2008},
    publisher = {Springer},
    pages     = {44--67},
    language = {english}
}	

@inproceedings{mnist,
    title           = {The MNIST database of handwritten digits [{E}lectronic resource]},
    author          = {Y. LeCun and C. Cortes and C. J. C. Burges},
    note            = {Mode of access : \url{http://yann.lecun.com/exdb/mnist/}. --- Date of access : 05.03.2023},
    language        = {english}
}

@inproceedings{n16,
  author    = {V. Turchenko and V. Golovko},
  title     = {Parallel batch pattern training algorithm for deep neural network},
  booktitle = {Proceedings of the 2014 International Conference on High Performance Computing \& Simulation (HPCS 2014), July 21–25, 2014, Bologna, Italy},
  year      = {2014},
  pages     = {697--702},
  publisher       = {Bologna},
  language  = {english}
}

@article{Fisher,
    author = {R. Fisher},
    title = {The Use of Multiple Measurements in Taxonomic Problems},
    journal = {Annals of Eugenics},
    year = {1936},
    volume          = {7},
    number = {2},
    pages = {179--188},
    language = {english}
}

@article{LeCun2015,
    author = {Y. LeCun and Y. Bengio and G. Hinton},
    title = {Deep learning},
    journal = {Nature},
    year = {2015},
    number = {521 (7553)},
    pages = {436--444},
    language = {english}
}

@inproceedings{Golovko2015a,
  author    = {Головко, В. А.},
  title     = {От многослойных персептронов к нейронным сетям глубокого доверия: парадигмы обучения и применение},
  booktitle = {Лекции по Нейроинформатике},
  publisher = {НИЯУ МИФИ},
  address         = {M.~},
  year      = {2015},
  pages     = {47--84},
  language  = {russian}
}

@misc{milk,
    title           = {Milk products [{E}lectronic resource]},
    note            = {Mode of access : \url{https://datamark.by/markirovka-molochnoy-produktsii}. --- Date of access : 05.03.2023},
}

@misc{omron,
    title           = {Omron documentation [{E}lectronic resource]},
    howpublished    = {Mode of access : \url{https://robotics.omron.com/browse-documents}},
    note            = {Date of access : 05.03.2023},
    language        = {english}
}

@misc{liu,
    title           = {{SSD}: {S}ingle {S}hot {M}ultiBox {D}etector [{E}lectronic resource]},
    author          = {Liu, W. and Anguelov, D. and Erhan, D., Szegedy, C. and Reed, S. and Fu, C. and Berg, A.},
    note            = {Mode of access : \url{https://arxiv.org/abs/1512.02325}. --- Date of access : 05.03.2023},
    language        = {english},
    year            = {2015},
}

@article{howard,
    title           = {Mobile{N}ets: {E}fficient {C}onvolutional {N}eural {N}etworks for {M}obile {V}ision {A}pplications [{E}lectronic resource]},
    author          = {Howard, A. and Zhu, M. and Chen, B. and Kalenichenko, D. and Wang, W. and Weyand, T. and Andreetto, M. and Adam, H.},
    note            = {Mode of access : \url{https://arxiv.org/abs/1704.04861}. --- Date of access : 05.03.2023},
    language        = {english},
    year            = {2017}
}

@article{ren,
    title           = {Faster {R-CNN}: {T}owards {R}eal-{T}ime {O}bject {D}etection with {R}egion {P}roposal {N}etworks [{E}lectronic resource]},
    author          = {Ren, S. and He, K. and Girshick, R. and Sun, J.},
    note            = {Mode of access : \url{https://arxiv.org/abs/1506.01497}. --- Date of access : 05.03.2023},
    language        = {english},
    year            = {2016}
}

@inproceedings{netzer,
    author      = {Netzer, Y. and Wang, T. and Coates, A. and Bissacco, A. and Wu, B. and Ng, A.},
    title       = {Reading Digits in Natural Images with Unsupervised Feature Learning [{E}lectronic resource]},
    booktitle   = {NIPS Workshop on Deep Learning and Unsupervised Feature Learning},
    year        = {2011},
    language    = {english},
    note        = {Mode of access : \url{http://static.googleusercontent.com/media/research.google.com/en/us/pubs/archive/37648.pdf}. --- Date of access : 05.03.2023},
}

@misc{seia,
    title           = {Solar industry data [{E}lectronic resource]},
    note            = {Mode of access : \url{https://www.seia.org/solar-industry-research-data}. --- Date of access : 05.03.2023},
    language        = {english},
}

@article{fukushima1980,
    author      = {Fukushima, K.},
    title       = {Neocognitron: A Self-organizing Neural Network Model for a Mechanism of Pattern Recognition Unaffected by Shift in Position},
    journal   = {Biological Cybernetics},
    volume      = {36},
    issue       = {4},
    pages       = {193--202},
    year        = {1980},
    language    = {english}
}   

@article{lekun1998,
    author      = {LeCun, Y. and Bottou, L. and Bengio, Y. and Haffner, P.},
    title       = {Gradient-Based Learning Applied to Document Recognition},
    journal   = {Proceedings of the IEEE},
    year        = {1998},
    volume      = {86},
    number       = {11},
    pages       = {2278--2324},
    language    = {english}
} 

@inproceedings{malof2015,
    author      = {Malof, J. and Hou, R. and Collins, L. and Bradbury, K. and Newell, R.},
    title       = {Automatic {S}olar {P}hotovoltaic {P}anel {D}etection in {S}atellite {I}magery [{E}lectronic resource]},
    booktitle   = {International Conference on Renewable Energy Research and Applications ICRERA’ 2015},
    language    = {english},
    note            = {Mode of access : \url{https://www.researchgate.net/publication/300416092_Automatic_solar_photovoltaic_panel_detection_in_satellite_imagery}. --- Date of access : 05.03.2023},
} 

@article{malof2016,
    author      = {Malof, J. and Bradbury, K. and Collins, L. and Newell, R.},
    title       = {Automatic detection of solar photovoltaic arrays in high resolution aerial imagery},
    journal   = {Applied Energy},
    year        = {2016},
    volume      = {183},
    pages       = {229--240},
    language    = {english}
}

@article{bradbury2016,
    author      = {Bradbury, K. and Saboo, R. and Malof, J. and Johnson, T. and Devarajan, A. and Zhang, W.},
    title       = {Distributed solar photovoltaic array location and extend data set for remote sensing object identification [{E}lectronic resource]},
    journal = {Scientific data},
    volume          = {3},
    number           = {1},
    pages           = {1--9},
    year        = {2016},
    note        = {Mode of access : \url{https://www.researchgate.net/publication/311448314_Distributed_solar_photovoltaic_array_location_and_extent_dataset_for_remote_sensing_object_identification}. --- Date of access : 05.03.2023},
    language    = {english}
}

@article{lin2015,
    author      = {Lin, T. and Maire, M. and Belongie, S. and Bourdev, L. and Girshick, R. and Hays, J. and Perona, P. and Ramanan, D. and Zitnick, C. L. and Dollár P.},
    title       = {Microsoft {COCO}: {C}ommon {O}bjects in {C}ontext [{E}lectronic resource]},
    year        = {2015},
    note        = {Mode of access : \url{https://arxiv.org/pdf/1405.0312.pdf}. --- Date of access : 05.03.2023},
    language    = {english}
}

@book{Haykin2006,
	title        = {Нейронные сети: полный курс},
	author       = {Хайкин, С.},
	year         = {2006},
	publisher    = {Издательский дом <<Вильямс>>},
	address      = {2-е изд. --- М.~},
	isbn         = {5845908906},
	numpages     = {1104},
	language     = {russian},
}

@book{Goodfellow2017,
	title        = {Глубокое обучение},
	author       = {Гудфеллоу, Я. and Бенджио, И. and Курвилль, А.},
	year         = {2017},
  address      = {М.~},
	publisher    = {ДМК Пресс},
	isbn         = {9785970605547},
	numpages     = {652},
	language     = {russian},
	shorthand    = {Гудфеллоу Я..ГлубоО-2017кн},
	annotation   = {Рассмотрены основы дисциплин, необходимых для понимания глубокого обучения. Описываются различные приложения глубокого обучения, а также основные приемы глубокого обучения}
}

@article{Duchi2011,
    title        = {Adaptive subgradient methods for online learning and stochastic optimization},
    author       = {Duchi, J. and Hazan, E. and Singer, Y.},
    year         = {2011},
    journal      = {Journal of Machine Learning Research},
    language = {english},
    pages = {2121--2159},
    volume          = {12},
    number          = {61},
}

@article{Kingma2014,
	title        = {Adam: A Method for Stochastic Optimization [{E}lectronic resource]},
	author       = {Kingma, D. and Ba, J.},
	year         = {2014},
  note         = {Mode of access : \url{https://arxiv.org/pdf/1412.6980.pdf}. --- Date of access : 05.03.2023},
	language     = {english}
}

@misc{alpaca2023,
    author = {Taori, R. and Gulrajani, I. and Zhang, T. and Dubois, Y. and Li, X. and Guestrin, C. and Liang, P. and Hashimoto, T. B.},
    title = {{A}lpaca: A strong, replicable instruction-following model [{E}lectronic resource] /~{R}. {T}aori},
    year = {2023}, 
    note        = {Mode of access : \url{https://crfm.stanford.edu/2023/03/13/alpaca.html}. --- Date of access : 05.03.2023},
    language = {english}
}

@misc{alpacagithub,
  author = {Taori, R. and Gulrajani, I. and Zhang, T. and Dubois, Y. and Li, X. and Guestrin, C. and Liang, P. and Hashimoto, T. B.},
  title = {Stanford Alpaca: An Instruction-following LLaMA model [{E}lectronic resource] /~{R}. {T}aori},
  year = {2023},
  publisher = {GitHub},
  journal = {GitHub repository},
  note        = {Mode of access : \url{https://github.com/tatsu-lab/stanford\_alpaca}. --- Date of access : 05.03.2023},
  language = {english}
}

@article{zhang2022opt,
      title={{OPT}: {O}pen {P}re-trained {T}ransformer {L}anguage {M}odels [{E}lectronic resource]}, 
      author={S. Zhang and S. Roller and N. Goyal and M. Artetxe and M. Chen and S. Chen and C. Dewan and M. Diab and X. Li and X. V. Lin and T. Mihaylov and M. Ott and S. Shleifer and K. Shuster and D. Simig and P. S. Koura and A. Sridhar and T. Wang and L. Zettlemoyer},
      year={2022},
      eprint={2205.01068},
      archivePrefix={arXiv},
      primaryClass={cs.CL},
      language = {english},
      note = {Mode of access : \url{https://arxiv.org/pdf/2205.01068.pdf}. --- Date of access : 05.03.2023}
}

@book{Behnke2003,
	affiliation = {Computer Science Institute, University of Freiburg},
	author = {Behnke, S.},
	copyright = {Springer-Verlag Berlin Heidelberg},
	doi = {10.1007/b11963},
	isbn = {978-3-540-40722-5},
	language = {english},
	title = {Hierarchical Neural Networks for Image Interpretation},
  journal         = {Lecture Notes in Computer Science},
	year = {2003},
  address = {Berlin ; Heidelberg~},
	publisher = {Springer},
  numpages = {234},
}

@book{gibbs1902,
  title={Elementary Principles in Statistical Mechanics: Developed with Especial Reference to the Rational Foundations of Thermodynamics},
  author={Gibbs, J. W.},
  year={1902},
  publisher={New York : C. Scribner ; London : Edward Arnold},
  language = {english},
  numpages = {207},
}

@article{hinton1995,
    author = {G. E. Hinton and P. Dayan and B. J. Frey and R. M. Neal },
    title = {The ``Wake-Sleep'' Algorithm for Unsupervised Neural Networks},
    journal = {Science},
    volume = {268},
    number = {5214},
    pages = {1158--1161},
    year = {1995},
    doi = {10.1126/science.7761831},
    URL = {https://www.science.org/doi/abs/10.1126/science.7761831},
    language = {english}
}

@inproceedings{krizhevsky2009learning,
    author = {A. Krizhevsky},
    title = {Learning Multiple Layers of Features from Tiny Images [{E}lectronic resource]},
    note            = {Mode of access : \url{https://www.cs.toronto.edu/~kriz/learning-features-2009-TR.pdf}. --- Date of access : 05.03.2023},
    year = {2009},
    language = {english}
}

@inproceedings{googlecolab,
    title           = {Colab's 'Pay As You Go' Offers More Access to Powerful NVIDIA Compute for Machine Learning [{E}lectronic resource]},
    author          = {C. Perry},
    note            = {Mode of access : {\small{\url{https://blog.tensorflow.org/2022/09/colabs-pay-as-you-go-offers-more-access-to-powerful-nvidia-compute-for-machine-learning.html}}}. --- Date of access : 05.03.2023},
    language        = {english}
}

@ARTICLE{torralba2008,
  author={Torralba, A. and Fergus, R. and Freeman, W. T.},
  journal={IEEE Transactions on Pattern Analysis and Machine Intelligence}, 
  title={80 Million Tiny Images: A Large Data Set for Nonparametric Object and Scene Recognition}, 
  year={2008},
  volume={30},
  number={11},
  pages={1958--1970},
  doi={10.1109/TPAMI.2008.128},
  language = {english}
}

@article{wang2019pruning,
  title={Pruning from Scratch [{E}lectronic resource]}, 
  author={Wang, Y. and Zhang, X. and Xie, L. and Zhou, J. and Su, H. and Zhang, B. and Hu, X.},
  year={2019},
  note            = {Mode of access : \url{https://arxiv.org/pdf/1909.12579.pdf}. --- Date of access : 05.03.2023},
}

@article{hubara2016quantized,
  title={Quantized Neural Networks: Training Neural Networks with Low Precision Weights and Activations [{E}lectronic resource] }, 
  author={Hubara, I. and Courbariaux, M. and Soudry, D. and El-Yaniv, R. and Bengio, Y.},
  year={2016},
  note            = {Mode of access : \url{https://painterdrown.github.io/cv/papers/Quantized_Neural_Networks.pdf}. --- Date of access : 05.03.2023},
}

@article{Hinton2015DistillingTK,
  title={Distilling the Knowledge in a Neural Network [{E}lectronic resource]},
  author={Hinton, G. E. and Vinyals, O. and Dean, J.},
  year={2015},
  url={https://api.semanticscholar.org/CorpusID:7200347},
  note            = {Mode of access : \url{http://www.cs.toronto.edu/~hinton/absps/distillation.pdf}. --- Date of access : 05.03.2023},
}

@INPROCEEDINGS{Sainath2013,
  author={Sainath, T. N. and Kingsbury, B. and Sindhwani, V. and Arisoy, E. and Ramabhadran, B.},
  booktitle={2013 IEEE International Conference on Acoustics, Speech and Signal Processing}, 
  title={Low-rank matrix factorization for Deep Neural Network training with high-dimensional output targets [{E}lectronic resource]}, 
  volume={},
  number={},
  pages={6655--6659},
  doi={10.1109/ICASSP.2013.6638949},
  note            = {Mode of access : \url{https://vikas.sindhwani.org/lowRank.pdf}. --- Date of access : 05.03.2023},}

@book{Golenkov2023,
  title={Технология комплексной поддержки жизненного цикла семантически совместимых интеллектуальных компьютерных систем нового поколения},
  author={},
  year={2023},
  address={Минск~},
  publisher={Беспринт},
  numpages = {1064},
  language={russian},
  editor         = {Голенкова, В. В.},
}

@article{Golovko2018,
  author          = {В. А. Головко and А. А. Крощенко and Е. В. Михно and О. Ю. Войцехович},
  journal         = {Вестник Брестского государственного технического университета. Физика, математика, информатика},
  number          = {5},
  title           = {Нейросетевые модели детекции товаров на изображении},
  year            = {2018},
  volume          = {},
  pages           = {27--30},
  language        = {russian}
}

@inproceedings{hintonlecture2012,
  author       = {Hinton, G. and Srivastava, N. and Swersky, K.},
  note            = {Mode of access : \url{https://www.cs.toronto.edu/~tijmen/csc321/slides/lecture_slides_lec6.pdf}. --- Date of access : 05.03.2023},
  title        = {Lecture 6d -- a separate, adaptive learning rate for each connection. {S}lides of {L}ecture {N}eural {N}etworks for {M}achine {L}earning [{E}lectronic resource]},
  year         = {2012}
}

@INPROCEEDINGS{Amaral2013,
  author={Amaral, T. and Silva, L. M. and Alexandre, L. A. and Kandaswamy, C. and Santos, J. M. and de Sá, J. M.},
  booktitle={12th Mexican International Conference on Artificial Intelligence}, 
  title={Using {D}ifferent {C}ost {F}unctions to {T}rain {S}tacked {A}uto-{E}ncoder [{E}lectronic resource]}, 
  year={2013},
  volume={},
  number={},
  note            = {Mode of access : \url{http://www.deepnets.ineb.up.pt/files/publications/micai_published.pdf}. --- Date of access : 05.03.2023},
  doi={10.1109/MICAI.2013.20}
}

@article{Everingham2010,
  author = {Everingham, M. and Gool, L. and Williams, C. K. and Winn, J. and Zisserman, A.},
  title = {The {P}ascal {V}isual {O}bject {C}lasses ({VOC}) {C}hallenge},
  year = {2010},
  issue_date = {June 2010},
  publisher = {Kluwer Academic Publishers},
  address = {USA},
  volume = {88},
  number = {2},
  issn = {0920-5691},
  url = {https://doi.org/10.1007/s11263-009-0275-4},
  doi = {10.1007/s11263-009-0275-4},
  abstract = {The Pascal Visual Object Classes (VOC) challenge is a benchmark in visual object category recognition and detection, providing the vision and machine learning communities with a standard dataset of images and annotation, and standard evaluation procedures. Organised annually from 2005 to present, the challenge and its associated dataset has become accepted as the benchmark for object detection.This paper describes the dataset and evaluation procedure. We review the state-of-the-art in evaluated methods for both classification and detection, analyse whether the methods are statistically different, what they are learning from the images (e.g. the object or its context), and what the methods find easy or confuse. The paper concludes with lessons learnt in the three year history of the challenge, and proposes directions for future improvement and extension.},
  journal = {Int. J. Comput. Vision},
  month = {jun},
  pages = {303--338},
  numpages = {36},
  keywords = {Object recognition, Object detection, Database, Benchmark}
}

@book{hinton2010,
  author = {G. E. Hinton},
  title = {A practical guide to training restricted {B}oltzmann machines: Tech. Rep. 2010-000},
  institution = {University of Toronto},
  address     = {Toronto},
  numpages  = {21},
  year = {2010},
  language = {english}
}

@inproceedings{widrow1960,
  address = {New York~},
  author = {B. Widrow and M. E. Hoff},
  booktitle = {1960 {IRE} {WESCON} Convention Record},
  keywords = {nn},
  pages = {96--104},
  publisher = {{IRE}},
  part = {4},
  title = {Adaptive Switching Circuits},
  year = {1960. --- Part 4},
  language = {english}
}

@misc{he,
    title           = {Deep Residual Learning for Image Recognition [{E}lectronic resource] /~{K}. {H}e},
    author          = {He, K. and Zhang, X. and Ren, S. and Sun, J.},
    note            = {Mode of access : \url{https://arxiv.org/abs/1512.03385}. --- Date of access : 05.03.2023},
    language        = {english},
    year            = {2015}
}

@misc{datamatrix,
    title        = {{GS1} {D}ata{M}atrix [{E}lectronic resource]},
    note         = {Mode of access : \url{https://datamark.by/voprosy-otvety/gs1-datamatrix}. --- Date of access : 05.03.2023},
    language     = {russian}
}

@inproceedings{glorot2011,
  author    = {X. Glorot and A. Bordes and Y. Bengio},
  title     = {Deep {S}parse {R}ectifier {N}eural {N}etworks},
  booktitle = {Proceedings of the 14th International Conference on Artificial Intelligence and Statistics},
  volume    = {15},
  year      = {2011},
  pages     = {315--323},
  language  = {english}
}